<?xml version="1.0" encoding="UTF-8"?><collection xmlns="http://www.loc.gov/MARC21/slim"><record><leader>00490nam--2200157-i-4500</leader><controlfield tag="001">000023745</controlfield><controlfield tag="002">20161230</controlfield><controlfield tag="005">20170129003044</controlfield><controlfield tag="008">060222s1000------------r-----000-0-eng-d</controlfield><datafield ind1=" " ind2=" " tag="080"><subfield code="a">546.51:541.57:539.194</subfield></datafield><datafield ind1=" " ind2=" " tag="245"><subfield code="a">The hydrogen bond. Recent development in theory and experiments. Vol. II - Structure and spectroscopy</subfield></datafield><datafield ind1=" " ind2=" " tag="260"><subfield code="a">Amsterdam</subfield><subfield code="b">North-Holland Publ.Co</subfield><subfield code="c">1976</subfield></datafield><datafield ind1=" " ind2=" " tag="300"><subfield code="a">VIII + 395-887 p.+ Pg.Dif</subfield></datafield><datafield ind1=" " ind2=" " tag="700"><subfield code="a">Sandorfy, G</subfield></datafield><datafield ind1=" " ind2=" " tag="852"><subfield code="a">45441</subfield></datafield><datafield ind1=" " ind2=" " tag="CAT"><subfield code="a">SYS</subfield><subfield code="c">20170129</subfield><subfield code="h">003044</subfield></datafield></record></collection>